
@article{PoissonImageEditing,
  title={{Poisson image editing}},
  author={Perez, P. and Gangnet, M. and Blake, A.},
  journal={ACM Transactions on Graphics},
  volume={22},
  number={3},
  pages={313--318},
  issn={0730-0301},
  year={2003},
}
